{
  "leader": "01560cam a2200337Ii 4500",
  "fields": [
    {
      "001": "ocm01371046\\"
    },
    {
      "003": "OCoLC"
    },
    {
      "005": "20220105144740.0"
    },
    {
      "008": "750603s1949\\\\\\\\gauab\\\\\\\\b\\\\\\\\001\\0\\eng\\\\"
    },
    {
      "010": {
        "ind1": "\\",
        "ind2": "\\",
        "subfields": [
          {
            "a": "   49008401 "
          }
        ]
      }
    },
    {
      "040": {
        "ind1": "\\",
        "ind2": "\\",
        "subfields": [
          {
            "a": "DLC"
          },
          {
            "b": "eng"
          },
          {
            "c": "ORL"
          },
          {
            "d": "FDA"
          },
          {
            "d": "OCL"
          },
          {
            "d": "BAKER"
          },
          {
            "d": "OCLCG"
          },
          {
            "d": "YDXCP"
          },
          {
            "d": "STF"
          },
          {
            "d": "MTG"
          },
          {
            "d": "OCLCA"
          },
          {
            "d": "PHA"
          },
          {
            "d": "OCLCQ"
          },
          {
            "d": "OCLCF"
          },
          {
            "d": "FHL"
          },
          {
            "d": "OCLCA"
          },
          {
            "d": "FSC"
          },
          {
            "d": "OCLCO"
          }
        ]
      }
    },
    {
      "020": {
        "ind1": "\\",
        "ind2": "\\",
        "subfields": [
          {
            "a": "0820300640"
          }
        ]
      }
    },
    {
      "020": {
        "ind1": "\\",
        "ind2": "\\",
        "subfields": [
          {
            "a": "9780820300641"
          }
        ]
      }
    },
    {
      "035": {
        "ind1": "\\",
        "ind2": "\\",
        "subfields": [
          {
            "a": "(OCoLC)1371046"
          }
        ]
      }
    },
    {
      "050": {
        "ind1": "0",
        "ind2": "0",
        "subfields": [
          {
            "a": "CT275.F582"
          },
          {
            "b": "M3"
          }
        ]
      }
    },
    {
      "082": {
        "ind1": "0",
        "ind2": "4",
        "subfields": [
          {
            "a": "338.272820924"
          },
          {
            "b": "MAR"
          }
        ]
      }
    },
    {
      "100": {
        "ind1": "1",
        "ind2": "\\",
        "subfields": [
          {
            "a": "Martin, S. Walter"
          },
          {
            "q": "(Sidney Walter),"
          },
          {
            "d": "1911-2000."
          }
        ]
      }
    },
    {
      "245": {
        "ind1": "1",
        "ind2": "0",
        "subfields": [
          {
            "a": "Florida's Flagler /"
          },
          {
            "c": "by Sidney Walter Martin."
          }
        ]
      }
    },
    {
      "260": {
        "ind1": "\\",
        "ind2": "\\",
        "subfields": [
          {
            "a": "Athens :"
          },
          {
            "b": "University of Georgia Press,"
          },
          {
            "c": "[1949]"
          }
        ]
      }
    },
    {
      "300": {
        "ind1": "\\",
        "ind2": "\\",
        "subfields": [
          {
            "a": "xi, 280 pages :"
          },
          {
            "b": "illustrations, portrait, map ;"
          },
          {
            "c": "23 cm"
          }
        ]
      }
    },
    {
      "336": {
        "ind1": "\\",
        "ind2": "\\",
        "subfields": [
          {
            "a": "text"
          },
          {
            "b": "txt"
          },
          {
            "2": "rdacontent"
          }
        ]
      }
    },
    {
      "337": {
        "ind1": "\\",
        "ind2": "\\",
        "subfields": [
          {
            "a": "unmediated"
          },
          {
            "b": "n"
          },
          {
            "2": "rdamedia"
          }
        ]
      }
    },
    {
      "338": {
        "ind1": "\\",
        "ind2": "\\",
        "subfields": [
          {
            "a": "volume"
          },
          {
            "b": "nc"
          },
          {
            "2": "rdacarrier"
          }
        ]
      }
    },
    {
      "504": {
        "ind1": "\\",
        "ind2": "\\",
        "subfields": [
          {
            "a": "Includes bibliographical references (pages 261-269) and index."
          }
        ]
      }
    },
    {
      "520": {
        "ind1": "\\",
        "ind2": "\\",
        "subfields": [
          {
            "a": "Biography of Henry M. Flagler (1830-1913), a descendant of Zacharra Flegler, who fled to England from the Palatinate during the wars of Louis XIV, and thence to America in 1710. His wife died en route, and he married twice again."
          }
        ]
      }
    },
    {
      "600": {
        "ind1": "1",
        "ind2": "0",
        "subfields": [
          {
            "a": "Flagler, Henry Morrison,"
          },
          {
            "d": "1830-1913."
          }
        ]
      }
    },
    {
      "600": {
        "ind1": "1",
        "ind2": "7",
        "subfields": [
          {
            "a": "Flagler, Henry Morrison,"
          },
          {
            "d": "1830-1913."
          },
          {
            "2": "fast"
          },
          {
            "0": "(OCoLC)fst00166930"
          }
        ]
      }
    },
    {
      "776": {
        "ind1": "0",
        "ind2": "8",
        "subfields": [
          {
            "i": "Online version:"
          },
          {
            "a": "Martin, S. Walter (Sidney Walter), 1911-2000."
          },
          {
            "t": "Florida's Flagler."
          },
          {
            "d": "Athens, Univ. of Georgia Press [1949]"
          },
          {
            "w": "(OCoLC)599992952"
          }
        ]
      }
    },
    {
      "994": {
        "ind1": "\\",
        "ind2": "\\",
        "subfields": [
          {
            "a": "Z0"
          },
          {
            "b": "NYRVC"
          }
        ]
      }
    },
    {
      "948": {
        "ind1": "\\",
        "ind2": "\\",
        "subfields": [
          {
            "h": "NO HOLDINGS IN NYRVC - 360 OTHER HOLDINGS"
          }
        ]
      }
    },
    {
      "999": {
        "ind1": "\\",
        "ind2": "\\",
        "subfields": [
          {
            "a": "00000000015784"
          }
        ]
      }
    }
  ]
}